@misc{Grover,
  title        = {Grover's algorithm},
  author       = {IBM Quantum Learning},
  year         = 2023,
  url          = {https://learning.quantum.ibm.com/course/fundamentals-of-quantum-algorithms/grovers-algorithm#grovers-algorithm},
  note         = {Last accessed 12 June 2024}
}

@article{Boyer_1998,
   title={Tight Bounds on Quantum Searching},
   volume={46},
   ISSN={1521-3978},
   url={http://dx.doi.org/10.1002/(SICI)1521-3978(199806)46:4/5<493::AID-PROP493>3.0.CO;2-P},
   DOI={10.1002/(sici)1521-3978(199806)46:4/5<493::aid-prop493>3.0.co;2-p},
   number={4–5},
   journal={Fortschritte der Physik},
   publisher={Wiley},
   author={Boyer, Michel and Brassard, Gilles and Høyer, Peter and Tapp, Alain},
   year={1998},
   month=jun, pages={493–505} }

@inproceedings{Brassard, series={ISTCS-97},
   title={An exact quantum polynomial-time algorithm for Simon’s problem},
   url={http://dx.doi.org/10.1109/ISTCS.1997.595153},
   DOI={10.1109/istcs.1997.595153},
   booktitle={Proceedings of the Fifth Israeli Symposium on Theory of Computing and Systems},
   publisher={IEEE Comput. Soc},
   author={Brassard, G. and Hoyer, P.},
   collection={ISTCS-97} }
